@article{Baratta_DOLFINx_the_next_2023,
    author = "Baratta, Igor A. and Dean, Joseph P. and Dokken, Jørgen S. and Habera, Michal and Hale, Jack S. and Richardson, Chris N. and Rognes, Marie E. and Scroggs, Matthew W. and Sime, Nathan and Wells, Garth N.",
    doi = {10.5281/zenodo.10447666},
    journal = {preprint},
    title = {DOLFINx: the next generation FEniCS problem-solving environment},
    year = {2023}
}

@article{Nirav_Dlrbnicsx,
    author = "Shah, Nirav Vasant",
    url={https://github.com/Wells-Group/dlrbnicsx.git}, 
    journal = {preprint},
    title = {Dlrbnicsx: PyTorch-RBniCSx-FEniCSx based open source library for deep learning based reduced order modelling},
    year = {2024}
}

@online{Dokken_2024, 
    title={The FENICSX tutorial}, 
    url={https://jsdokken.com/dolfinx-tutorial/index.html}, 
    journal={The FEniCSx tutorial - FEniCSx tutorial}, 
    author={Dokken, Jørgen S.}, 
    year={2024}} 

@article{shah2022finite,
  title={Finite element based Model Order Reduction for parametrized one-way coupled steady state linear thermo-mechanical problems},
  author={Shah, Nirav Vasant and Girfoglio, Michele and Quintela, Peregrina and Rozza, Gianluigi and Lengomin, Alejandro and Ballarin, Francesco and Barral, Patricia},
  journal={Finite Elements in Analysis and Design},
  volume={212},
  year={2022},
  publisher={Elsevier}
}

@article{hesthaven2018non,
  title={Non-intrusive reduced order modeling of nonlinear problems using neural networks},
  author={Hesthaven, Jan S and Ubbiali, Stefano},
  journal={Journal of Computational Physics},
  volume={363},
  pages={55--78},
  year={2018},
  publisher={Elsevier}
}

@online{Betcke_Scroggs, 
    title={Using petsc4py for sparse linear systems}, 
    url={https://tbetcke.github.io/hpc_lecture_notes/petsc_for_sparse_systems.html#:~:text=The%20main%20object%20in%20PETSc,sparse%20matrix%20in%20three%20steps.&text=PETSc%20by%20default%20uses%20the,rows%20across%20different%20compute%20nodes.}, 
    journal={Using petsc4py for sparse linear systems - Techniques of High-Performance Computing - Lecture Notes}, 
    author={Betcke, Timo and Scroggs, Matthew}
}

@article{Dalcin_mpi4py_Status_Update_2021,
    author = {Dalcin, Lisandro and Fang, Yao-Lung L.},
    doi = {10.1109/mcse.2021.3083216},
    journal = {Computing in Science & Engineering},
    number = {4},
    pages = {47--54},
    title = {{mpi4py: Status Update After 12 Years of Development}},
    volume = {23},
    year = {2021}
}

@article{Francesco_RBniCSx_2024,
    author = "Francesco, Ballarin",
    url={https://github.com/RBniCS/RBniCSx.git}, 
    journal = {preprint},
    title = {RBniCSx - reduced order modelling in FEniCSx},
    year = {2024}
}

@misc{tensorflow2015-whitepaper,
title={ {TensorFlow}: Large-Scale Machine Learning on Heterogeneous Systems},
url={https://www.tensorflow.org/},
note={Software available from tensorflow.org},
author={
    Mart\'{i}n~Abadi and
    Ashish~Agarwal and
    Paul~Barham and
    Eugene~Brevdo and
    Zhifeng~Chen and
    Craig~Citro and
    Greg~S.~Corrado and
    Andy~Davis and
    Jeffrey~Dean and
    Matthieu~Devin and
    Sanjay~Ghemawat and
    Ian~Goodfellow and
    Andrew~Harp and
    Geoffrey~Irving and
    Michael~Isard and
    Yangqing Jia and
    Rafal~Jozefowicz and
    Lukasz~Kaiser and
    Manjunath~Kudlur and
    Josh~Levenberg and
    Dandelion~Man\'{e} and
    Rajat~Monga and
    Sherry~Moore and
    Derek~Murray and
    Chris~Olah and
    Mike~Schuster and
    Jonathon~Shlens and
    Benoit~Steiner and
    Ilya~Sutskever and
    Kunal~Talwar and
    Paul~Tucker and
    Vincent~Vanhoucke and
    Vijay~Vasudevan and
    Fernanda~Vi\'{e}gas and
    Oriol~Vinyals and
    Pete~Warden and
    Martin~Wattenberg and
    Martin~Wicke and
    Yuan~Yu and
    Xiaoqiang~Zheng},
  year={2015},
}

@book{hesthaven2015certified,
  title={Certified Reduced Basis Methods for Parametrized Partial Differential Equations},
  author={Hesthaven, J.S. and Rozza, G. and Stamm, B.},
  isbn={9783319224701},
  series={SpringerBriefs in Mathematics},
  url={https://books.google.co.uk/books?id=KqtnCgAAQBAJ},
  year={2015},
  publisher={Springer International Publishing}
}

@misc{dolfinxtutorial2023,
    title = {Mixed Formulation for the Poisson Equation — dolfinx 0.7.2 documentation}, 
    url={https://docs.fenicsproject.org/dolfinx/v0.7.2/python/demos/demo_mixed-poisson.html}, journal={docs.fenicsproject.org},
    year = {2023}
}

 @article{vannieuwenhoven_nicaise_vandebril_meerbergen_2014, title={On Generic Nonexistence of the Schmidt--Eckart--Young Decomposition for Complex Tensors}, volume={35}, url={https://people.cs.kuleuven.be/~nick.vannieuwenhoven/papers/04-SEY.pdf}, DOI={https://doi.org/10.1137/130926171}, number={3}, journal={SIAM Journal on Matrix Analysis and Applications}, author={Vannieuwenhoven, N. and Nicaise, J. and Vandebril, R. and Meerbergen, K.}, year={2014}, month={Jan}, pages={886–903} }

@article{Eckart1936TheAO,
  title={The approximation of one matrix by another of lower rank},
  author={Carl Eckart and G. Marion Young},
  journal={Psychometrika},
  year={1936},
  volume={1},
  pages={211-218},
  url={https://api.semanticscholar.org/CorpusID:10163399}
}

@article{saves2024smt,
        author = {P. Saves and R. Lafage and N. Bartoli and Y. Diouane and J. Bussemaker and T. Lefebvre and J. T. Hwang and J. Morlier and J. R. R. A. Martins},
        title = {{SMT 2.0: A} Surrogate Modeling Toolbox with a focus on Hierarchical and Mixed Variables Gaussian Processes},
        journal = {Advances in Engineering Sofware},
        year = {2024},
        volume = {188},
        pages = {103571},
        doi = {https://doi.org/10.1016/j.advengsoft.2023.103571}
}